@article{Chen20102392,
title = "How to improve the accuracy of equilibrium molecular dynamics for computation of thermal conductivity?",
journal = "Physics Letters A",
volume = "374",
number = "23",
pages = "2392 - 2396",
year = "2010",
note = "",
issn = "0375-9601",
doi = "10.1016/j.physleta.2010.03.067",
url = "http://www.sciencedirect.com/science/article/pii/S0375960110004081",
author = "Jie Chen and Gang Zhang and Baowen Li",
keywords = "Molecular dynamics",
keywords = "Heat conduction",
keywords = "Thermal properties of crystalline solids"
}


@article{PhysRev.128.2589,
  volume = {128},
  journal = {Phys. Rev.},
  author = {Maradudin, A. A. and Fein, A. E.},
  month = {Dec},
  url = {http://link.aps.org/doi/10.1103/PhysRev.128.2589},
  doi = {10.1103/PhysRev.128.2589},
  year = {1962},
  title = {Scattering of Neutrons by an Anharmonic Crystal},
  issue = {6},
  publisher = {American Physical Society},
  pages = {2589--2608}
}

@article{PhysRevB.70.081310,
  title = {Lattice thermal conductivity of superlattice structures},
  author = {Broido, D. A. and Reinecke, T. L.},
  journal = {Phys. Rev. B},
  volume = {70},
  issue = {8},
  pages = {081310},
  numpages = {4},
  year = {2004},
  month = {Aug},
  doi = {10.1103/PhysRevB.70.081310},
  url = {http://link.aps.org/doi/10.1103/PhysRevB.70.081310},
  publisher = {American Physical Society}
}

@article{PhysRevB.57.14958,
  title = {Thermal conductivity and ballistic-phonon transport in the cross-plane direction of superlattices},
  author = {Chen, G.},
  journal = {Phys. Rev. B},
  volume = {57},
  issue = {23},
  pages = {14958--14973},
  year = {1998},
  month = {Jun},
  doi = {10.1103/PhysRevB.57.14958},
  url = {http://link.aps.org/doi/10.1103/PhysRevB.57.14958},
  publisher = {American Physical Society}
}

@article{PhysRevB.67.195311,
  title = {Partially coherent phonon heat conduction in superlattices},
  author = {Yang, B. and Chen, G.},
  journal = {Phys. Rev. B},
  volume = {67},
  issue = {19},
  pages = {195311},
  numpages = {4},
  year = {2003},
  month = {May},
  doi = {10.1103/PhysRevB.67.195311},
  url = {http://link.aps.org/doi/10.1103/PhysRevB.67.195311},
  publisher = {American Physical Society}
}

@article{dames:682,
author = {C. Dames and G. Chen},
collaboration = {},
title = {Theoretical phonon thermal conductivity of Si/Ge superlattice nanowires},
publisher = {AIP},
year = {2004},
journal = {Journal of Applied Physics},
volume = {95},
number = {2},
pages = {682-693},
keywords = {silicon; germanium; elemental semiconductors; semiconductor superlattices; nanowires; surface topography; thermal conductivity; phonon dispersion relations},
url = {http://link.aip.org/link/?JAP/95/682/1},
doi = {10.1063/1.1631734}
}

@article{PhysRevB.84.085204,
  title = {Heat transport in silicon from first-principles calculations},
  author = {Esfarjani, Keivan and Chen, Gang and Stokes, Harold T.},
  journal = {Phys. Rev. B},
  volume = {84},
  issue = {8},
  pages = {085204},
  numpages = {11},
  year = {2011},
  month = {Aug},
  doi = {10.1103/PhysRevB.84.085204},
  url = {http://link.aps.org/doi/10.1103/PhysRevB.84.085204},
  publisher = {American Physical Society}
}

@article{PhysRevB.85.195302,
  title = {Thermal interface conductance in Si/Ge superlattices by equilibrium molecular dynamics},
  author = {Chalopin, Y. and Esfarjani, K. and Henry, A. and Volz, S. and Chen, G.},
  journal = {Phys. Rev. B},
  volume = {85},
  issue = {19},
  pages = {195302},
  numpages = {7},
  year = {2012},
  month = {May},
  doi = {10.1103/PhysRevB.85.195302},
  url = {http://link.aps.org/doi/10.1103/PhysRevB.85.195302},
  publisher = {American Physical Society}
}

@article{PhysRevB.25.3750,
  title = {Thermal conductivity of superlattices},
  author = {Ren, Shang Yuan and Dow, John D.},
  journal = {Phys. Rev. B},
  volume = {25},
  issue = {6},
  pages = {3750--3755},
  year = {1982},
  month = {Mar},
  doi = {10.1103/PhysRevB.25.3750},
  url = {http://link.aps.org/doi/10.1103/PhysRevB.25.3750},
  publisher = {American Physical Society}
}

@article{PhysRevB.75.195309,
  title = {Coherent phonons in $\mathrm{Si}∕\mathrm{Si}\mathrm{Ge}$ superlattices},
  author = {Ezzahri, Y. and Grauby, S. and Rampnoux, J. M. and Michel, H. and Pernot, G. and Claeys, W. and Dilhaire, S. and Rossignol, C. and Zeng, G. and Shakouri, A.},
  journal = {Phys. Rev. B},
  volume = {75},
  issue = {19},
  pages = {195309},
  numpages = {11},
  year = {2007},
  month = {May},
  doi = {10.1103/PhysRevB.75.195309},
  url = {http://link.aps.org/doi/10.1103/PhysRevB.75.195309},
  publisher = {American Physical Society}
}

@article{PhysRevB.79.214307,
  title = {Nonequilibrium molecular dynamics simulation of the in-plane thermal conductivity of superlattices with rough interfaces},
  author = {Termentzidis, Konstantinos and Chantrenne, Patrice and Keblinski, Pawel},
  journal = {Phys. Rev. B},
  volume = {79},
  issue = {21},
  pages = {214307},
  numpages = {9},
  year = {2009},
  month = {Jun},
  doi = {10.1103/PhysRevB.79.214307},
  url = {http://link.aps.org/doi/10.1103/PhysRevB.79.214307},
  publisher = {American Physical Society}
}

@article{PhysRevB.81.081411,
  title = {Predicting phonon dispersion relations and lifetimes from the spectral energy density},
  author = {Thomas, John A. and Turney, Joseph E. and Iutzi, Ryan M. and Amon, Cristina H. and McGaughey, Alan J. H.},
  journal = {Phys. Rev. B},
  volume = {81},
  issue = {8},
  pages = {081411},
  numpages = {4},
  year = {2010},
  month = {Feb},
  doi = {10.1103/PhysRevB.81.081411},
  url = {http://link.aps.org/doi/10.1103/PhysRevB.81.081411},
  publisher = {American Physical Society}
}

@article{PhysRevB.79.075316,
  title = {Effect of interfacial species mixing on phonon transport in semiconductor superlattices},
  author = {Landry, E. S. and McGaughey, A. J. H.},
  journal = {Phys. Rev. B},
  volume = {79},
  issue = {7},
  pages = {075316},
  numpages = {8},
  year = {2009},
  month = {Feb},
  doi = {10.1103/PhysRevB.79.075316},
  url = {http://link.aps.org/doi/10.1103/PhysRevB.79.075316},
  publisher = {American Physical Society}
}

@article{PhysRevB.79.064301,
  title = {Predicting phonon properties and thermal conductivity from anharmonic lattice dynamics calculations and molecular dynamics simulations},
  author = {Turney, J. E. and Landry, E. S. and McGaughey, A. J. H. and Amon, C. H.},
  journal = {Phys. Rev. B},
  volume = {79},
  issue = {6},
  pages = {064301},
  numpages = {12},
  year = {2009},
  month = {Feb},
  doi = {10.1103/PhysRevB.79.064301},
  url = {http://link.aps.org/doi/10.1103/PhysRevB.79.064301},
  publisher = {American Physical Society}
}

@article{PhysRevB.72.174302,
  title = {Minimum superlattice thermal conductivity from molecular dynamics},
  author = {Chen, Yunfei and Li, Deyu and Lukes, Jennifer R. and Ni, Zhonghua and Chen, Minhua},
  journal = {Phys. Rev. B},
  volume = {72},
  issue = {17},
  pages = {174302},
  numpages = {6},
  year = {2005},
  month = {Nov},
  doi = {10.1103/PhysRevB.72.174302},
  url = {http://link.aps.org/doi/10.1103/PhysRevB.72.174302},
  publisher = {American Physical Society}
}

@article{PhysRevB.71.184305,
  title = {Observation and description of phonon interactions in molecular dynamics simulations},
  author = {McGaughey, A. J. H. and Kaviany, M.},
  journal = {Phys. Rev. B},
  volume = {71},
  issue = {18},
  pages = {184305},
  numpages = {11},
  year = {2005},
  month = {May},
  doi = {10.1103/PhysRevB.71.184305},
  url = {http://link.aps.org/doi/10.1103/PhysRevB.71.184305},
  publisher = {American Physical Society}
}

@article{PhysRevB.38.1427,
  title = {Acoustic-phonon propagation in superlattices},
  author = {Tamura, S. and Hurley, D. C. and Wolfe, J. P.},
  journal = {Phys. Rev. B},
  volume = {38},
  issue = {2},
  pages = {1427--1449},
  year = {1988},
  month = {Jul},
  doi = {10.1103/PhysRevB.38.1427},
  url = {http://link.aps.org/doi/10.1103/PhysRevB.38.1427},
  publisher = {American Physical Society}
}

@article{PhysRevB.60.2627,
  title = {Phonon group velocity and thermal conduction in superlattices},
  author = {Tamura, Shin-ichiro and Tanaka, Yukihiro and Maris, Humphrey J.},
  journal = {Phys. Rev. B},
  volume = {60},
  issue = {4},
  pages = {2627--2630},
  year = {1999},
  month = {Jul},
  doi = {10.1103/PhysRevB.60.2627},
  url = {http://link.aps.org/doi/10.1103/PhysRevB.60.2627},
  publisher = {American Physical Society}
}

@article{PhysRevB.61.3091,
  title = {Lattice thermal conductivity reduction and phonon localizationlike behavior in superlattice structures},
  author = {Venkatasubramanian, Rama},
  journal = {Phys. Rev. B},
  volume = {61},
  issue = {4},
  pages = {3091--3097},
  year = {2000},
  month = {Jan},
  doi = {10.1103/PhysRevB.61.3091},
  url = {http://link.aps.org/doi/10.1103/PhysRevB.61.3091},
  publisher = {American Physical Society}
}

@article{PhysRevLett.84.927,
  title = {Minimum Thermal Conductivity of Superlattices},
  author = {Simkin, M. V. and Mahan, G. D.},
  journal = {Phys. Rev. Lett.},
  volume = {84},
  issue = {5},
  pages = {927--930},
  year = {2000},
  month = {Jan},
  doi = {10.1103/PhysRevLett.84.927},
  url = {http://link.aps.org/doi/10.1103/PhysRevLett.84.927},
  publisher = {American Physical Society}
}

@article{PhysRevB.56.10754,
  title = {Phonon superlattice transport},
  author = {Hyldgaard, Per and Mahan, G. D.},
  journal = {Phys. Rev. B},
  volume = {56},
  issue = {17},
  pages = {10754--10757},
  year = {1997},
  month = {Nov},
  doi = {10.1103/PhysRevB.56.10754},
  url = {http://link.aps.org/doi/10.1103/PhysRevB.56.10754},
  publisher = {American Physical Society}
}


@article{maradudin_scattering_1962,
	title = {Scattering of Neutrons by an Anharmonic Crystal},
	volume = {128},
	doi = {10.1103/PhysRev.128.2589},
	journal = {Physical Review},
	author = {Maradudin, A. A. and Fein, A. E.},
	year = {1962},
	pages = {2589–2608}
}

@article{PhysRevLett.73.740,
  title = {Coherent Oscillation of Zone-Folded Phonon Modes in GaAs-AlAs Superlattices},
  author = {Yamamoto, Aishi and Mishina, Tomobumi and Masumoto, Yasuaki and Nakayama, Masaaki},
  journal = {Phys. Rev. Lett.},
  volume = {73},
  issue = {5},
  pages = {740--743},
  year = {1994},
  month = {Aug},
  doi = {10.1103/PhysRevLett.73.740},
  url = {http://link.aps.org/doi/10.1103/PhysRevLett.73.740},
  publisher = {American Physical Society}
}

@article{PhysRevLett.43.2012,
  title = {Selective Transmission of High-Frequency Phonons by a Superlattice: The "Dielectric" Phonon Filter},
  author = {Narayanamurti, V. and St\"ormer, H. L. and Chin, M. A. and Gossard, A. C. and Wiegmann, W.},
  journal = {Phys. Rev. Lett.},
  volume = {43},
  issue = {27},
  pages = {2012--2016},
  year = {1979},
  month = {Dec},
  doi = {10.1103/PhysRevLett.43.2012},
  url = {http://link.aps.org/doi/10.1103/PhysRevLett.43.2012},
  publisher = {American Physical Society}
}

@article{doi:10.1021/nl202186y,
author = {Garg, Jivtesh and Bonini, Nicola and Marzari, Nicola},
title = {High Thermal Conductivity in Short-Period Superlattices},
journal = {Nano Letters},
volume = {11},
number = {12},
pages = {5135-5141},
year = {2011},
doi = {10.1021/nl202186y},

URL = {http://pubs.acs.org/doi/abs/10.1021/nl202186y},
eprint = {http://pubs.acs.org/doi/pdf/10.1021/nl202186y}
}

@article{doi:10.1021/nl102918q,
author = {Hopkins, Patrick E. and Reinke, Charles M. and Su, Mehmet F. and Olsson, Roy H. and Shaner, Eric A. and Leseman, Zayd C. and Serrano, Justin R. and Phinney, Leslie M. and El-Kady, Ihab},
title = {Reduction in the Thermal Conductivity of Single Crystalline Silicon by Phononic Crystal Patterning},
journal = {Nano Letters},
volume = {11},
number = {1},
pages = {107-112},
year = {2011},
doi = {10.1021/nl102918q},

URL = {http://pubs.acs.org/doi/abs/10.1021/nl102918q},
eprint = {http://pubs.acs.org/doi/pdf/10.1021/nl102918q}
}


@article{Luckyanova16112012,
author = {Luckyanova, Maria N. and Garg, Jivtesh and Esfarjani, Keivan and Jandl, Adam and Bulsara, Mayank T. and Schmidt, Aaron J. and Minnich, Austin J. and Chen, Shuo and Dresselhaus, Mildred S. and Ren, Zhifeng and Fitzgerald, Eugene A. and Chen, Gang}, 
title = {Coherent Phonon Heat Conduction in Superlattices},
volume = {338}, 
number = {6109}, 
pages = {936-939}, 
year = {2012}, 
doi = {10.1126/science.1225549}, 
abstract ={}, 
URL = {http://www.sciencemag.org/content/338/6109/936.abstract}, 
eprint = {http://www.sciencemag.org/content/338/6109/936.full.pdf}, 
journal = {Science} 
}

@article{Chen_particularities,
year={2000},
issn={1388-0764},
journal={Journal of Nanoparticle Research},
volume={2},
issue={2},
doi={10.1023/A:1010003718481},
title={Particularities of Heat Conduction in Nanostructures},
url={http://dx.doi.org/10.1023/A%3A1010003718481},
publisher={Kluwer Academic Publishers},
keywords={nanoscale heat transfer; nanoparticles; nanowires; phonons; superlattices; thermal conductivity; thin films; microscale effects},
author={Chen, Gang},
pages={199-204},
language={English}
}

@article{chen:220,
author = {G. Chen},
collaboration = {},
title = {Size and Interface Effects on Thermal Conductivity of Superlattices and Periodic Thin-Film Structures},
publisher = {ASME},
year = {1997},
journal = {Journal of Heat Transfer},
volume = {119},
number = {2},
pages = {220-229},
url = {http://link.aip.org/link/?JHR/119/220/1},
doi = {10.1115/1.2824212}
}

@article{chen:945,
author = {G. Chen},
collaboration = {},
title = {Phonon Wave Heat Conduction in Thin Films and Superlattices},
publisher = {ASME},
year = {1999},
journal = {Journal of Heat Transfer},
volume = {121},
number = {4},
pages = {945-953},
url = {http://link.aip.org/link/?JHR/121/945/1},
doi = {10.1115/1.2826085}
}

@article{Cowpe20081066,
title = "Temporally resolved laser induced plasma diagnostics of single crystal silicon â€” Effects of ambient pressure",
journal = "Spectrochimica Acta Part B: Atomic Spectroscopy",
volume = "63",
number = "10",
pages = "1066 - 1071",
year = "2008",
note = "<ce:title>A collection of papers presented at the Euro Mediterranean Symposium on Laser Induced Breakdown Spectroscopy (EMSLIBS 2007)</ce:title>",
issn = "0584-8547",
doi = "10.1016/j.sab.2008.09.007",
url = "http://www.sciencedirect.com/science/article/pii/S0584854708002656",
author = "J.S. Cowpe and J.S. Astin and R.D. Pilkington and A.E. Hill",
keywords = "LIBS",
keywords = "Laser ablation",
keywords = "Plasma diagnostics",
keywords = "Vacuum",
keywords = "Silicon"
}


@book{ferry1997transport,
  title={Transport in Nanostructures: Cambridge studies in semiconductor physics and microelectronic engineering},
  author={Ferry, D.K. and Goodnick, S.M.},
  isbn={9780521663656},
  lccn={96036825},
  series={Cambridge Studies in Semiconductor Physics \& Microelectronic Engineering, 6},
  url={http://books.google.ca/books?id=3m7FYNQDl1sC},
  year={1997},
  publisher={University Press}
}

@book{ziman_electrons_2001,
	title = {Electrons and Phonons},
	publisher = {Oxford, New York},
	author = {Ziman, J. M.},
	year = {2001}
},

@book{chen2005nanoscale,
  title={Nanoscale energy transport and conversion: a parallel treatment of electrons, molecules, phonons, and photons},
  author={Chen, G. and Chen, G.},
  isbn={9780195159424},
  lccn={2004052066},
  series={MIT-Pappalardo series in mechanical engineering},
  url={http://books.google.ca/books?id=2sFSAAAAMAAJ},
  year={2005},
  publisher={Oxford University Press}
}

@book{dove_introduction_1993-3,
	title = {Introduction to Lattice Dynamics},
	publisher = {Cambridge, Cambridge},
	author = {Dove, M. T.},
	year = {1993}
}

@article{GULP,
author = {Gale, Julian D. and Rohl, Andrew L.},
title = {The General Utility Lattice Program (GULP)},
journal = {Molecular Simulation},
volume = {29},
number = {5},
pages = {291-341},
year = {2003},
doi = {10.1080/0892702031000104887},

URL = {http://www.tandfonline.com/doi/abs/10.1080/0892702031000104887},
eprint = {http://www.tandfonline.com/doi/pdf/10.1080/0892702031000104887}
}
@article{LAMMPS,
title = "Fast Parallel Algorithms for Short-Range Molecular Dynamics",
journal = "Journal of Computational Physics",
volume = "117",
number = "1",
pages = "1 - 19",
year = "1995",
note = "",
issn = "0021-9991",
doi = "10.1006/jcph.1995.1039",
url = "http://www.sciencedirect.com/science/article/pii/S002199918571039X",
author = "Steve Plimpton"
}

